<?xml version="1.0" encoding="UTF-8"?><record xmlns="http://www.loc.gov/MARC21/slim" xmlns:cinclude="http://apache.org/cocoon/include/1.0" xmlns:zs="http://www.loc.gov/zing/srw/">
  <leader>01027cz  a2200157n  4500</leader>
  <controlfield tag="001">n  81067730 </controlfield>
  <controlfield tag="003">DLC</controlfield>
  <controlfield tag="005">19940103131025.5</controlfield>
  <controlfield tag="008">810707n| acannaab|          |a ana |||  </controlfield>
  <datafield tag="010" ind1=" " ind2=" ">
    <subfield code="a">n  81067730 </subfield>
  </datafield>
  <datafield tag="040" ind1=" " ind2=" ">
    <subfield code="a">DLC</subfield>
    <subfield code="c">DLC</subfield>
    <subfield code="d">DLC</subfield>
  </datafield>
  <datafield tag="110" ind1="1" ind2="0">
    <subfield code="a">Canada.</subfield>
    <subfield code="b">Food Directorate</subfield>
  </datafield>
  <datafield tag="410" ind1="1" ind2="0">
    <subfield code="a">Canada.</subfield>
    <subfield code="b">Health Protection Branch.</subfield>
    <subfield code="b">Food Directorate</subfield>
  </datafield>
  <datafield tag="510" ind1="1" ind2="0">
    <subfield code="w">anna</subfield>
    <subfield code="a">Canada.</subfield>
    <subfield code="b">Food and Drug Directorate</subfield>
  </datafield>
  <datafield tag="670" ind1=" " ind2=" ">
    <subfield code="a">(AACR 2: Canada. Food Directorate.; the Food and Drug Directorate was absorbed into the newly created Health Protection Branch during departmental reorganization in 1972 and split to form the Food Directorate and the Drugs Directorate)</subfield>
    <subfield code="b">(AACR 2: Canada. Food Directorate.; the Food and Drug Directorate was absorbed into the newly created Health Protection branch during departmental reorganization in 1972 and split to form the Food Directorate and the Drugs Directorate)</subfield>
  </datafield>
  <datafield tag="670" ind1=" " ind2=" ">
    <subfield code="a">Escherichia coli O157:H7 and other Verotoxigenic E. coli ... c1993:</subfield>
    <subfield code="b">t.p. (Food Directorate, Health Protection Branch, Health and Welfare Canada)</subfield>
  </datafield>
</record>